@misc{example,
    author = {Example},
    title = {E.g. Example},
    howpublished = {\url{http://example.com}},
    urldate = {2013-07-06}
}
